@INCOLLECTION{inet,
title = {{Вычисление факториала на C++} [{Э}лектронный ресурс]},
year = {2011},
note ={URL:~{https://code-live.ru/post/cpp-recursive-factorial-calculating/}\ (Дата обращения 11.12.2021). Загл. с экр. Яз. рус.}
}
@INCOLLECTION{inet1,
title = {{C++ для начинающих. 4. Выражения }[{Э}лектронный ресурс]},
year = {2011},
note ={URL:~{http://mycpp.ru/cpp/book/c04.html}\ (Дата обращения 15.12.2021). Загл. с экр. Яз. рус.}
}

@INCOLLECTION{inet2,
title = {{C++ | Рекурсивные функции} [{Э}лектронный ресурс]},
year = {2017},
note ={URL:~{https://metanit.com/cpp/tutorial/3.6.php}\ (Дата обращения 17.12.2021). Загл. с экр. Яз. рус.}
}

@INCOLLECTION{inet3,
title = {{Visual C++: табличные компоненты и работа с ними } [{Э}лектронный ресурс]},
year = {2015},
note ={URL:~{http://blog.kislenko.net/show.php?id=1285}\ (Дата обращения 20.12.2021). Загл. с экр. Яз. рус.}
}
@BOOK{book1,
author = {B. Бондарев},
title = {Программирование на C++},
publisher = {Смит},
address = {Харьков, Украина},
pages = {56-82},
year = {2005},
language = {russian}
}
@BOOK{book2,
author = {A. Васильев},
title = {Самоучитель C++ с примерами и задачами},
publisher = {Наука и техника},
address = {Санкт--Петербург, Россия},
pages = {124-133},
year = {2016},
language = {russian}
}
@BOOK{book3,
author = {C. Глушаков},
title = {Программирование на C++},
publisher = {АСТ},
address = {Москва, Россия},
pages = {575-581},
year = {2008},
language = {russian}
}
@BOOK{book4,
author = {A. Гильберт},
title = {Как работать с матрицами},
publisher = {Статистика},
address = {Москва, Россия},
pages = {96-121},
year = {1981},
language = {russian}
}
@BOOK{book5,
author = {H. Брайан},
title = {Привязка данных в Windows Forms},
publisher = {Бином-Пресс},
address = {Москва, Россия},
pages = {501-632},
year = {2009},
language = {russian}
}
@BOOK{book6,
author = {P. Лафоре},
title = {Объектно-ориентированное программирование в С++},
publisher = {Питер},
address = {Санкт-Петербург, Россия},
pages = {408-450},
year = {2004},
language = {russian}
}